<?xml version="1.0" encoding="UTF-8"?>
<record xmlns="http://www.loc.gov/MARC21/slim">
   <leader>06699cam a2201249Ia 4500</leader>
   <controlfield tag="001">7082043</controlfield>
   <controlfield tag="003">OCoLC</controlfield>
   <controlfield tag="005">20150713032147.0</controlfield>
   <controlfield tag="008">100609s2009    abca         s000 0 eng  </controlfield>
   <datafield tag="016" ind1=" " ind2=" ">
      <subfield code="a">20108017281</subfield>
   </datafield>
   <datafield tag="020" ind1=" " ind2=" ">
      <subfield code="a">9780774131865 (module 1)</subfield>
   </datafield>
   <datafield tag="020" ind1=" " ind2=" ">
      <subfield code="a">0774131861 (module 1)</subfield>
   </datafield>
   <datafield tag="020" ind1=" " ind2=" ">
      <subfield code="a">9780774131872 (booklet 1)</subfield>
   </datafield>
   <datafield tag="020" ind1=" " ind2=" ">
      <subfield code="a">077413187X (booklet 1)</subfield>
   </datafield>
   <datafield tag="020" ind1=" " ind2=" ">
      <subfield code="a">9780774131896 (module 2)</subfield>
   </datafield>
   <datafield tag="020" ind1=" " ind2=" ">
      <subfield code="a">0774131896 (module 2)</subfield>
   </datafield>
   <datafield tag="020" ind1=" " ind2=" ">
      <subfield code="a">9780774131889 (booklet 2)</subfield>
   </datafield>
   <datafield tag="020" ind1=" " ind2=" ">
      <subfield code="a">0774131888 (booklet 2)</subfield>
   </datafield>
   <datafield tag="020" ind1=" " ind2=" ">
      <subfield code="a">9780774131926 (module 3)</subfield>
   </datafield>
   <datafield tag="020" ind1=" " ind2=" ">
      <subfield code="a">0774131926 (module 3)</subfield>
   </datafield>
   <datafield tag="020" ind1=" " ind2=" ">
      <subfield code="a">9780774131902 (booklet 3)</subfield>
   </datafield>
   <datafield tag="020" ind1=" " ind2=" ">
      <subfield code="a">077413190X (booklet 3)</subfield>
   </datafield>
   <datafield tag="020" ind1=" " ind2=" ">
      <subfield code="a">9780774131964 (module 4)</subfield>
   </datafield>
   <datafield tag="020" ind1=" " ind2=" ">
      <subfield code="a">0774131969 (module 4)</subfield>
   </datafield>
   <datafield tag="020" ind1=" " ind2=" ">
      <subfield code="a">9780774131919 (booklet 4)</subfield>
   </datafield>
   <datafield tag="020" ind1=" " ind2=" ">
      <subfield code="a">0774131918 (booklet 4)</subfield>
   </datafield>
   <datafield tag="020" ind1=" " ind2=" ">
      <subfield code="a">9780774132268 (module 5)</subfield>
   </datafield>
   <datafield tag="020" ind1=" " ind2=" ">
      <subfield code="a">0774132264 (module 5)</subfield>
   </datafield>
   <datafield tag="020" ind1=" " ind2=" ">
      <subfield code="a">9780774131933 (booklet 5)</subfield>
   </datafield>
   <datafield tag="020" ind1=" " ind2=" ">
      <subfield code="a">0774131934 (booklet 5)</subfield>
   </datafield>
   <datafield tag="020" ind1=" " ind2=" ">
      <subfield code="a">9780774132275 (module 6)</subfield>
   </datafield>
   <datafield tag="020" ind1=" " ind2=" ">
      <subfield code="a">0774132272 (module 6)</subfield>
   </datafield>
   <datafield tag="020" ind1=" " ind2=" ">
      <subfield code="a">9780774131940 (booklet 6)</subfield>
   </datafield>
   <datafield tag="020" ind1=" " ind2=" ">
      <subfield code="a">0774131942 (booklet 6)</subfield>
   </datafield>
   <datafield tag="020" ind1=" " ind2=" ">
      <subfield code="a">9780774132282 (module 7)</subfield>
   </datafield>
   <datafield tag="020" ind1=" " ind2=" ">
      <subfield code="a">0774132280 (module 7)</subfield>
   </datafield>
   <datafield tag="020" ind1=" " ind2=" ">
      <subfield code="a">9780774131957 (booklet 7)</subfield>
   </datafield>
   <datafield tag="020" ind1=" " ind2=" ">
      <subfield code="a">0774131950 (booklet 7)</subfield>
   </datafield>
   <datafield tag="020" ind1=" " ind2=" ">
      <subfield code="a">9780774132299 (module 8)</subfield>
   </datafield>
   <datafield tag="020" ind1=" " ind2=" ">
      <subfield code="a">0774132299 (module 8)</subfield>
   </datafield>
   <datafield tag="020" ind1=" " ind2=" ">
      <subfield code="a">9780774131971 (booklet 8)</subfield>
   </datafield>
   <datafield tag="020" ind1=" " ind2=" ">
      <subfield code="a">0774131977 (booklet 8)</subfield>
   </datafield>
   <datafield tag="035" ind1=" " ind2=" ">
      <subfield code="a">ocn646565757</subfield>
   </datafield>
   <datafield tag="040" ind1=" " ind2=" ">
      <subfield code="a">NLC</subfield>
      <subfield code="b">eng</subfield>
      <subfield code="c">NLC</subfield>
      <subfield code="d">OCLCO</subfield>
      <subfield code="d">LTSCA</subfield>
      <subfield code="d">AEU</subfield>
   </datafield>
   <datafield tag="043" ind1=" " ind2=" ">
      <subfield code="a">n-cn-ab</subfield>
   </datafield>
   <datafield tag="050" ind1=" " ind2="4">
      <subfield code="a">QH307.2</subfield>
      <subfield code="b">.B563 2009</subfield>
   </datafield>
   <datafield tag="055" ind1="0" ind2="6">
      <subfield code="a">COP.AL.2.2010-114</subfield>
   </datafield>
   <datafield tag="082" ind1="0" ind2="4">
      <subfield code="a">570</subfield>
      <subfield code="2">14</subfield>
   </datafield>
   <datafield tag="090" ind1=" " ind2=" ">
      <subfield code="a">QH 307.2 B563 2009</subfield>
      <subfield code="b">AEU</subfield>
   </datafield>
   <datafield tag="090" ind1=" " ind2=" ">
      <subfield code="a">QH 308.2 B530</subfield>
      <subfield code="b">AEE</subfield>
   </datafield>
   <datafield tag="240" ind1="0" ind2="0">
      <subfield code="a">Biology 30./ </subfield>
   </datafield>
   <datafield tag="245" ind1="0" ind2="0">
      <subfield code="a">Biology 30 2009</subfield>
   </datafield>
   <datafield tag="260" ind1=" " ind2=" ">
      <subfield code="a">Edmonton :</subfield>
      <subfield code="b">Alberta Education,</subfield>
      <subfield code="c">c2009.</subfield>
   </datafield>
   <datafield tag="300" ind1=" " ind2=" ">
      <subfield code="a">8 v. :</subfield>
      <subfield code="b">col. ill. ;</subfield>
      <subfield code="c">28 cm +</subfield>
      <subfield code="e">8 booklets.</subfield>
   </datafield>
   <datafield tag="505" ind1="0" ind2=" ">
      <subfield code="a">[v. 1]. Unit A. The nervous and endocrine systems, Module 1. The nervous system + 1 booklet -- [v. 2]. Unit A. The nervous and endocrine systems, Module 2. The endocrine system +  1 booklet -- [v. 3]. Unit B. Reproduction and development, Module 3. The male and female reproductive systems + 1 booklet -- [v. 4]. Unit B. Reproduction and development, Module 4. From fertilization to birth + 1 booklet -- [v. 5]. Unit C, Cell division, genetics, and molecular biology, Module 5. Cell division: the processes of mitosis and meiosis + 1 booklet -- [v. 6]. Unit C. Cell division, genetics, and molecular biology, Module 6. Mendelian genetics: the transmission of traits to the next generation + 1 booklet  -- [v. 7]. Unit C. Cell division, genetics, and molecular biology, Module 7. Molecular genetics: DNA, RNA, and protein synthesis + 1 booklet -- [v. 8]. Unit D. Population and community dynamics, Module 8. Populations, individuals, and gene pools + 1 booklet.</subfield>
   </datafield>
   <datafield tag="590" ind1=" " ind2=" ">
      <subfield code="a">Approved for use in Alberta schools.</subfield>
      <subfield code="5">CaAEU</subfield>
   </datafield>
   <datafield tag="596" ind1=" " ind2=" ">
      <subfield code="a">1 2 38</subfield>
   </datafield>
   <datafield tag="650" ind1=" " ind2="0">
      <subfield code="a">Biology</subfield>
      <subfield code="z">Alberta</subfield>
      <subfield code="v">Programmed instruction.</subfield>
   </datafield>
   <datafield tag="710" ind1="1" ind2=" ">
      <subfield code="a">Alberta.</subfield>
      <subfield code="b">Alberta Education.</subfield>
   </datafield>
   <datafield tag="949" ind1=" " ind2=" ">
      <subfield code="a">QH 307.2 B563 2009</subfield>
      <subfield code="v">mod.1</subfield>
      <subfield code="h">UABA-B</subfield>
      <subfield code="i">0162034155554</subfield>
      <subfield code="z">OCLC_COPY</subfield>
   </datafield>
   <datafield tag="949" ind1=" " ind2=" ">
      <subfield code="a">QH 307.2 B563 2009</subfield>
      <subfield code="v">mod.2</subfield>
      <subfield code="h">UABA-B</subfield>
      <subfield code="i">0162034155679</subfield>
      <subfield code="z">OCLC_COPY</subfield>
   </datafield>
   <datafield tag="949" ind1=" " ind2=" ">
      <subfield code="a">QH 307.2 B563 2009</subfield>
      <subfield code="v">mod.3</subfield>
      <subfield code="h">UABA-B</subfield>
      <subfield code="i">0162034155323</subfield>
      <subfield code="z">OCLC_COPY</subfield>
   </datafield>
   <datafield tag="949" ind1=" " ind2=" ">
      <subfield code="a">QH 307.2 B563 2009</subfield>
      <subfield code="v">mod.4</subfield>
      <subfield code="h">UABA-B</subfield>
      <subfield code="i">0162034155380</subfield>
      <subfield code="z">OCLC_COPY</subfield>
   </datafield>
   <datafield tag="949" ind1=" " ind2=" ">
      <subfield code="a">QH 307.2 B563 2009</subfield>
      <subfield code="v">mod.5</subfield>
      <subfield code="h">UABA-B</subfield>
      <subfield code="i">0162034155265</subfield>
      <subfield code="z">OCLC_COPY</subfield>
   </datafield>
   <datafield tag="949" ind1=" " ind2=" ">
      <subfield code="a">QH 307.2 B563 2009</subfield>
      <subfield code="v">mod.6</subfield>
      <subfield code="h">UABA-B</subfield>
      <subfield code="i">0162034155448</subfield>
      <subfield code="z">OCLC_COPY</subfield>
   </datafield>
   <datafield tag="949" ind1=" " ind2=" ">
      <subfield code="a">QH 307.2 B563 2009</subfield>
      <subfield code="v">mod.7</subfield>
      <subfield code="h">UABA-B</subfield>
      <subfield code="i">0162034155562</subfield>
      <subfield code="z">OCLC_COPY</subfield>
   </datafield>
   <datafield tag="949" ind1=" " ind2=" ">
      <subfield code="a">QH 307.2 B563 2009</subfield>
      <subfield code="v">mod.8</subfield>
      <subfield code="h">UABA-B</subfield>
      <subfield code="i">0162034155687</subfield>
      <subfield code="z">OCLC_COPY</subfield>
   </datafield>
   <datafield tag="949" ind1=" " ind2=" ">
      <subfield code="a">QH 307.2 B563 2009</subfield>
      <subfield code="v">bklt.1</subfield>
      <subfield code="h">UABA-B</subfield>
      <subfield code="i">0162034155612</subfield>
      <subfield code="z">OCLC_COPY</subfield>
   </datafield>
   <datafield tag="949" ind1=" " ind2=" ">
      <subfield code="a">QH 307.2 B563 2009</subfield>
      <subfield code="v">bklt.2</subfield>
      <subfield code="h">UABA-B</subfield>
      <subfield code="i">0162034155737</subfield>
      <subfield code="z">OCLC_COPY</subfield>
   </datafield>
   <datafield tag="949" ind1=" " ind2=" ">
      <subfield code="a">QH 307.2 B563 2009</subfield>
      <subfield code="v">bklt.3</subfield>
      <subfield code="h">UABA-B</subfield>
      <subfield code="i">0162034155851</subfield>
      <subfield code="z">OCLC_COPY</subfield>
   </datafield>
   <datafield tag="949" ind1=" " ind2=" ">
      <subfield code="a">QH 307.2 B563 2009</subfield>
      <subfield code="v">bklt.4</subfield>
      <subfield code="h">UABA-B</subfield>
      <subfield code="i">0162034155919</subfield>
      <subfield code="z">OCLC_COPY</subfield>
   </datafield>
   <datafield tag="949" ind1=" " ind2=" ">
      <subfield code="a">QH 307.2 B563 2009</subfield>
      <subfield code="v">bklt.5</subfield>
      <subfield code="h">UABA-B</subfield>
      <subfield code="i">0162034155794</subfield>
      <subfield code="z">OCLC_COPY</subfield>
   </datafield>
   <datafield tag="949" ind1=" " ind2=" ">
      <subfield code="a">QH 307.2 B563 2009</subfield>
      <subfield code="v">bklt.6</subfield>
      <subfield code="h">UABA-B</subfield>
      <subfield code="i">0162034155505</subfield>
      <subfield code="z">OCLC_COPY</subfield>
   </datafield>
   <datafield tag="949" ind1=" " ind2=" ">
      <subfield code="a">QH 307.2 B563 2009</subfield>
      <subfield code="v">bklt.7</subfield>
      <subfield code="h">UABA-B</subfield>
      <subfield code="i">0162034155620</subfield>
      <subfield code="z">OCLC_COPY</subfield>
   </datafield>
   <datafield tag="949" ind1=" " ind2=" ">
      <subfield code="a">QH 307.2 B563 2009</subfield>
      <subfield code="v">bklt.8</subfield>
      <subfield code="h">UABA-B</subfield>
      <subfield code="i">0162034155745</subfield>
      <subfield code="z">OCLC_COPY</subfield>
   </datafield>
   <datafield tag="926" ind1=" " ind2=" ">
      <subfield code="a">AGINTERNET</subfield>
      <subfield code="b">SPECIALCOL</subfield>
      <subfield code="c">QH 308.2 B530 2009 Mod.3 bklt</subfield>
      <subfield code="d">LOCAL_LOAN</subfield>
      <subfield code="f">1</subfield>
   </datafield>
   <datafield tag="926" ind1=" " ind2=" ">
      <subfield code="a">AGL_CAP</subfield>
      <subfield code="b">SPECIALCOL</subfield>
      <subfield code="c">QH 308.2 B530 2009 DVD</subfield>
      <subfield code="d">LOCAL_LOAN</subfield>
      <subfield code="f">1</subfield>
   </datafield>
   <datafield tag="926" ind1=" " ind2=" ">
      <subfield code="a">AGL_CAP</subfield>
      <subfield code="b">SPECIALCOL</subfield>
      <subfield code="c">QH 308.2 B530 2009 Mod.1</subfield>
      <subfield code="d">LOCAL_LOAN</subfield>
      <subfield code="f">1</subfield>
   </datafield>
   <datafield tag="926" ind1=" " ind2=" ">
      <subfield code="a">AGL_CAP</subfield>
      <subfield code="b">SPECIALCOL</subfield>
      <subfield code="c">QH 308.2 B530 2009 Mod.1 bklt</subfield>
      <subfield code="d">LOCAL_LOAN</subfield>
      <subfield code="f">1</subfield>
   </datafield>
   <datafield tag="926" ind1=" " ind2=" ">
      <subfield code="a">AGL_CAP</subfield>
      <subfield code="b">SPECIALCOL</subfield>
      <subfield code="c">QH 308.2 B530 2009 Mod.2</subfield>
      <subfield code="d">LOCAL_LOAN</subfield>
      <subfield code="f">1</subfield>
   </datafield>
   <datafield tag="926" ind1=" " ind2=" ">
      <subfield code="a">AGL_CAP</subfield>
      <subfield code="b">SPECIALCOL</subfield>
      <subfield code="c">QH 308.2 B530 2009 Mod.2 bklt</subfield>
      <subfield code="d">LOCAL_LOAN</subfield>
      <subfield code="f">1</subfield>
   </datafield>
   <datafield tag="926" ind1=" " ind2=" ">
      <subfield code="a">AGL_CAP</subfield>
      <subfield code="b">SPECIALCOL</subfield>
      <subfield code="c">QH 308.2 B530 2009 Mod.3</subfield>
      <subfield code="d">LOCAL_LOAN</subfield>
      <subfield code="f">1</subfield>
   </datafield>
   <datafield tag="926" ind1=" " ind2=" ">
      <subfield code="a">AGL_CAP</subfield>
      <subfield code="b">SPECIALCOL</subfield>
      <subfield code="c">QH 308.2 B530 2009 Mod.4</subfield>
      <subfield code="d">LOCAL_LOAN</subfield>
      <subfield code="f">1</subfield>
   </datafield>
   <datafield tag="926" ind1=" " ind2=" ">
      <subfield code="a">AGL_CAP</subfield>
      <subfield code="b">SPECIALCOL</subfield>
      <subfield code="c">QH 308.2 B530 2009 Mod.4 bklt</subfield>
      <subfield code="d">LOCAL_LOAN</subfield>
      <subfield code="f">1</subfield>
   </datafield>
   <datafield tag="926" ind1=" " ind2=" ">
      <subfield code="a">AGL_CAP</subfield>
      <subfield code="b">SPECIALCOL</subfield>
      <subfield code="c">QH 308.2 B530 2009 Mod.5</subfield>
      <subfield code="d">LOCAL_LOAN</subfield>
      <subfield code="f">1</subfield>
   </datafield>
   <datafield tag="926" ind1=" " ind2=" ">
      <subfield code="a">AGL_CAP</subfield>
      <subfield code="b">SPECIALCOL</subfield>
      <subfield code="c">QH 308.2 B530 2009 Mod.5 bklt</subfield>
      <subfield code="d">LOCAL_LOAN</subfield>
      <subfield code="f">1</subfield>
   </datafield>
   <datafield tag="926" ind1=" " ind2=" ">
      <subfield code="a">AGL_CAP</subfield>
      <subfield code="b">SPECIALCOL</subfield>
      <subfield code="c">QH 308.2 B530 2009 Mod.6</subfield>
      <subfield code="d">LOCAL_LOAN</subfield>
      <subfield code="f">1</subfield>
   </datafield>
   <datafield tag="926" ind1=" " ind2=" ">
      <subfield code="a">AGL_CAP</subfield>
      <subfield code="b">SPECIALCOL</subfield>
      <subfield code="c">QH 308.2 B530 2009 Mod.6 bklt</subfield>
      <subfield code="d">LOCAL_LOAN</subfield>
      <subfield code="f">1</subfield>
   </datafield>
   <datafield tag="926" ind1=" " ind2=" ">
      <subfield code="a">AGL_CAP</subfield>
      <subfield code="b">SPECIALCOL</subfield>
      <subfield code="c">QH 308.2 B530 2009 Mod.7</subfield>
      <subfield code="d">LOCAL_LOAN</subfield>
      <subfield code="f">1</subfield>
   </datafield>
   <datafield tag="926" ind1=" " ind2=" ">
      <subfield code="a">AGL_CAP</subfield>
      <subfield code="b">SPECIALCOL</subfield>
      <subfield code="c">QH 308.2 B530 2009 Mod.7 bklt</subfield>
      <subfield code="d">LOCAL_LOAN</subfield>
      <subfield code="f">1</subfield>
   </datafield>
   <datafield tag="926" ind1=" " ind2=" ">
      <subfield code="a">AGL_CAP</subfield>
      <subfield code="b">SPECIALCOL</subfield>
      <subfield code="c">QH 308.2 B530 2009 Mod.8</subfield>
      <subfield code="d">LOCAL_LOAN</subfield>
      <subfield code="f">1</subfield>
   </datafield>
   <datafield tag="926" ind1=" " ind2=" ">
      <subfield code="a">AGL_CAP</subfield>
      <subfield code="b">SPECIALCOL</subfield>
      <subfield code="c">QH 308.2 B530 2009 Mod.8 bklt</subfield>
      <subfield code="d">LOCAL_LOAN</subfield>
      <subfield code="f">1</subfield>
   </datafield>
   <datafield tag="926" ind1=" " ind2=" ">
      <subfield code="a">UABARD</subfield>
      <subfield code="b">ON_SHELF</subfield>
      <subfield code="c">QH 307.2 B563 2009 bklt.1</subfield>
      <subfield code="d">BOOK</subfield>
      <subfield code="f">1</subfield>
   </datafield>
   <datafield tag="926" ind1=" " ind2=" ">
      <subfield code="a">UABARD</subfield>
      <subfield code="b">ON_SHELF</subfield>
      <subfield code="c">QH 307.2 B563 2009 bklt.2</subfield>
      <subfield code="d">BOOK</subfield>
      <subfield code="f">1</subfield>
   </datafield>
   <datafield tag="926" ind1=" " ind2=" ">
      <subfield code="a">UABARD</subfield>
      <subfield code="b">ON_SHELF</subfield>
      <subfield code="c">QH 307.2 B563 2009 bklt.3</subfield>
      <subfield code="d">BOOK</subfield>
      <subfield code="f">1</subfield>
   </datafield>
   <datafield tag="926" ind1=" " ind2=" ">
      <subfield code="a">UABARD</subfield>
      <subfield code="b">ON_SHELF</subfield>
      <subfield code="c">QH 307.2 B563 2009 bklt.4</subfield>
      <subfield code="d">BOOK</subfield>
      <subfield code="f">1</subfield>
   </datafield>
   <datafield tag="926" ind1=" " ind2=" ">
      <subfield code="a">UABARD</subfield>
      <subfield code="b">ON_SHELF</subfield>
      <subfield code="c">QH 307.2 B563 2009 bklt.5</subfield>
      <subfield code="d">BOOK</subfield>
      <subfield code="f">1</subfield>
   </datafield>
   <datafield tag="926" ind1=" " ind2=" ">
      <subfield code="a">UABARD</subfield>
      <subfield code="b">ON_SHELF</subfield>
      <subfield code="c">QH 307.2 B563 2009 bklt.6</subfield>
      <subfield code="d">BOOK</subfield>
      <subfield code="f">1</subfield>
   </datafield>
   <datafield tag="926" ind1=" " ind2=" ">
      <subfield code="a">UABARD</subfield>
      <subfield code="b">ON_SHELF</subfield>
      <subfield code="c">QH 307.2 B563 2009 bklt.7</subfield>
      <subfield code="d">BOOK</subfield>
      <subfield code="f">1</subfield>
   </datafield>
   <datafield tag="926" ind1=" " ind2=" ">
      <subfield code="a">UABARD</subfield>
      <subfield code="b">ON_SHELF</subfield>
      <subfield code="c">QH 307.2 B563 2009 bklt.8</subfield>
      <subfield code="d">BOOK</subfield>
      <subfield code="f">1</subfield>
   </datafield>
   <datafield tag="926" ind1=" " ind2=" ">
      <subfield code="a">UABARD</subfield>
      <subfield code="b">ON_SHELF</subfield>
      <subfield code="c">QH 307.2 B563 2009 mod.1</subfield>
      <subfield code="d">BOOK</subfield>
      <subfield code="f">1</subfield>
   </datafield>
   <datafield tag="926" ind1=" " ind2=" ">
      <subfield code="a">UABARD</subfield>
      <subfield code="b">ON_SHELF</subfield>
      <subfield code="c">QH 307.2 B563 2009 mod.2</subfield>
      <subfield code="d">BOOK</subfield>
      <subfield code="f">1</subfield>
   </datafield>
   <datafield tag="926" ind1=" " ind2=" ">
      <subfield code="a">UABARD</subfield>
      <subfield code="b">ON_SHELF</subfield>
      <subfield code="c">QH 307.2 B563 2009 mod.3</subfield>
      <subfield code="d">BOOK</subfield>
      <subfield code="f">1</subfield>
   </datafield>
   <datafield tag="926" ind1=" " ind2=" ">
      <subfield code="a">UABARD</subfield>
      <subfield code="b">ON_SHELF</subfield>
      <subfield code="c">QH 307.2 B563 2009 mod.4</subfield>
      <subfield code="d">BOOK</subfield>
      <subfield code="f">1</subfield>
   </datafield>
   <datafield tag="926" ind1=" " ind2=" ">
      <subfield code="a">UABARD</subfield>
      <subfield code="b">ON_SHELF</subfield>
      <subfield code="c">QH 307.2 B563 2009 mod.5</subfield>
      <subfield code="d">BOOK</subfield>
      <subfield code="f">1</subfield>
   </datafield>
   <datafield tag="926" ind1=" " ind2=" ">
      <subfield code="a">UABARD</subfield>
      <subfield code="b">ON_SHELF</subfield>
      <subfield code="c">QH 307.2 B563 2009 mod.6</subfield>
      <subfield code="d">BOOK</subfield>
      <subfield code="f">1</subfield>
   </datafield>
   <datafield tag="926" ind1=" " ind2=" ">
      <subfield code="a">UABARD</subfield>
      <subfield code="b">ON_SHELF</subfield>
      <subfield code="c">QH 307.2 B563 2009 mod.7</subfield>
      <subfield code="d">BOOK</subfield>
      <subfield code="f">1</subfield>
   </datafield>
   <datafield tag="926" ind1=" " ind2=" ">
      <subfield code="a">UABARD</subfield>
      <subfield code="b">ON_SHELF</subfield>
      <subfield code="c">QH 307.2 B563 2009 mod.8</subfield>
      <subfield code="d">BOOK</subfield>
      <subfield code="f">1</subfield>
   </datafield>
</record>
